<?xml version="1.0" encoding="UTF-8"?><record xmlns="http://www.loc.gov/MARC21/slim" xmlns:cinclude="http://apache.org/cocoon/include/1.0" xmlns:zs="http://www.loc.gov/zing/srw/">
  <leader>00671nz  a2200157n  4500</leader>
  <controlfield tag="001">no2012133830</controlfield>
  <controlfield tag="003">DLC</controlfield>
  <controlfield tag="005">20121013002131.0</controlfield>
  <controlfield tag="008">121010n| acannaabn          |a ana     c</controlfield>
  <datafield tag="010" ind1=" " ind2=" ">
    <subfield code="a">no2012133830</subfield>
  </datafield>
  <datafield tag="035" ind1=" " ind2=" ">
    <subfield code="a">(OCoLC)oca09321586</subfield>
  </datafield>
  <datafield tag="040" ind1=" " ind2=" ">
    <subfield code="a">DGPO</subfield>
    <subfield code="b">eng</subfield>
    <subfield code="c">DGPO</subfield>
  </datafield>
  <datafield tag="110" ind1="2" ind2=" ">
    <subfield code="a">Quantitative Imaging Network (National Cancer Institute (U.S.))</subfield>
  </datafield>
  <datafield tag="410" ind1="2" ind2=" ">
    <subfield code="a">National Cancer Institute (U.S.).</subfield>
    <subfield code="b">Quantitative Imaging Network</subfield>
  </datafield>
  <datafield tag="410" ind1="2" ind2=" ">
    <subfield code="a">QIN</subfield>
  </datafield>
  <datafield tag="670" ind1=" " ind2=" ">
    <subfield code="a">Quantitative imaging for evaluation of response to cancer therapies (U01), 2011:</subfield>
    <subfield code="b">t.p. (The Quantitative Imaging Network; QIN) p. v (initiated in 2008 ... [by] the Cancer Imaging Program and the Radiation Research Program of NCI)</subfield>
  </datafield>
</record>